%%%%%%%%%%%%%%%%%%%%%%%%%%%%%%%%%%%%%%%%%%%%%%%%%%%%%%%%%%%%%%%%%%%%%%%%%%%%%%%%%%%%%%%%%%%%%%%%%%%%%%%%%%%
%%% You can use a search engine for academic literature (e.g. Google Scholar) to generate these entries %%% 
%%%%%%%%%%%%%%%%%%%%%%%%%%%%%%%%%%%%%%%%%%%%%%%%%%%%%%%%%%%%%%%%%%%%%%%%%%%%%%%%%%%%%%%%%%%%%%%%%%%%%%%%%%%

@article{hevner2004design,
  title={Design science in information systems research},
  author={Hevner, Alan R and March, Salvatore T and Park, Jinsoo and Ram, Sudha},
  journal={MIS quarterly},
  pages={75--105},
  year={2004},
  publisher={JSTOR}
}

@article{knuth74,
    author = {Knuth, Donald E.},
    title = {Computer Programming As an Art},
    journal = {Commun. ACM},
    year = {1974},
    pages = {667--673},
    numpages = {7},
    publisher = {ACM},
    address = {New York, NY, USA}
}

@article{knuth92,
    author = {Knuth, Donald E.},
    title = {Two notes on notation},
    journal = {Amer. Math. Monthly},
    volume = {99},
    year = {1992},
    pages = {403--422}
}

@book{lamport94,
    title = {LaTeX: A Document Preparation System},
    author = {Lamport, Leslie},
    year = {1994},
    publisher = {Pearson Education India}
}

@misc{bibtex,
  author       = {CTAN}, 
  title        = {{B}i{B}{T}e{X} Documentation},
  url          = {https://ctan.org/topic/bibtex-doc},
  year         = {2017}
}